<record><leader>00000cas a2200000 a 4500</leader><controlfield tag="001">12956004</controlfield><controlfield tag="008">851227d18781878ksuwr ne      0    0eng d</controlfield><datafield ind1=" " ind2=" " tag="010"><subfield code="a">sn 85032979 </subfield></datafield><datafield ind1=" " ind2=" " tag="040"><subfield code="a">KSH</subfield><subfield code="b">eng</subfield><subfield code="c">KSH</subfield><subfield code="d">NPT</subfield><subfield code="d">OCL</subfield><subfield code="d">OCLCQ</subfield></datafield><datafield ind1=" " ind2=" " tag="042"><subfield code="a">msc</subfield></datafield><datafield ind1="0" ind2=" " tag="130"><subfield code="a">People's herald (Neosho Falls, Kan.)</subfield></datafield><datafield ind1="1" ind2="0" tag="245"><subfield code="a">People's herald.</subfield></datafield><datafield ind1=" " ind2=" " tag="260"><subfield code="a">Neosho Falls, Kan. :</subfield><subfield code="b">Mickel &amp; Kesner</subfield></datafield><datafield ind1=" " ind2=" " tag="300"><subfield code="a">v. ;</subfield><subfield code="c">40 cm.</subfield></datafield><datafield ind1=" " ind2=" " tag="310"><subfield code="a">Weekly</subfield></datafield><datafield ind1="1" ind2=" " tag="362"><subfield code="a">Began in 1878.</subfield></datafield><datafield ind1="1" ind2=" " tag="362"><subfield code="a">Ceased in 1878?</subfield></datafield><datafield ind1=" " ind2=" " tag="500"><subfield code="a">Published by: C.C. Kesner, Sept. 18-Oct. 2, 1878; Barret &amp; Fezler, Oct. 9, 1878; Wm. W. Barret, Oct. 16, 1878-</subfield></datafield><datafield ind1=" " ind2=" " tag="588"><subfield code="a">Description based on: Vol. 1, no. 3 (Aug. 14, 1878).</subfield></datafield><datafield ind1=" " ind2=" " tag="752"><subfield code="a">United States</subfield><subfield code="b">Kansas</subfield><subfield code="c">Woodson</subfield><subfield code="d">Neosho Falls.</subfield></datafield><datafield ind1="1" ind2=" " tag="029"><subfield code="a">AU@</subfield><subfield code="b">000022167955</subfield></datafield></record>